<collection xmlns="http://www.loc.gov/MARC21/slim">
   <record>
      <leader>03746cam a2200397 i 45 0</leader>
      <controlfield tag="001">6802983</controlfield>
      <controlfield tag="005">20140821180328.0</controlfield>
      <controlfield tag="008">150211s2015    flua     b    001 0 eng  </controlfield>
      <datafield ind1=" " ind2=" " tag="010">
         <subfield code="a">  2014000461</subfield>
      </datafield>
      <datafield ind1=" " ind2=" " tag="020">
         <subfield code="a">9781439863299 (alk. paper)</subfield>
      </datafield>
      <datafield ind1=" " ind2=" " tag="040">
         <subfield code="a">DNLM</subfield>
         <subfield code="b">eng</subfield>
         <subfield code="e">rda</subfield>
         <subfield code="c">DNLM</subfield>
         <subfield code="d">AEG</subfield>
      </datafield>
      <datafield ind1="0" ind2="9" tag="041">
         <subfield code="a">eng</subfield>
      </datafield>
      <datafield ind1="0" ind2="0" tag="060">
         <subfield code="a">2014 J-139</subfield>
      </datafield>
      <datafield ind1="1" ind2="0" tag="060">
         <subfield code="a">WB 320</subfield>
      </datafield>
      <datafield ind1=" " ind2=" " tag="090">
         <subfield code="a">WB 320 R345 2015</subfield>
         <subfield code="b">AEG</subfield>
      </datafield>
      <datafield ind1="0" ind2="0" tag="245">
         <subfield code="a">Rehabilitation goal setting :</subfield>
         <subfield code="b">theory, practice, and evidence /</subfield>
         <subfield code="c">editors, Richard J. Siegert, William M.M. Levack.</subfield>
      </datafield>
      <datafield ind1=" " ind2="1" tag="264">
         <subfield code="a">Boca Raton :</subfield>
         <subfield code="b">CRC Press/Taylor &amp; Francis Group,</subfield>
         <subfield code="c">2015.</subfield>
      </datafield>
      <datafield ind1=" " ind2=" " tag="300">
         <subfield code="a">xxvi, 386 pages :</subfield>
         <subfield code="b">illustrations.</subfield>
      </datafield>
      <datafield ind1=" " ind2=" " tag="336">
         <subfield code="a">text</subfield>
         <subfield code="2">rdacontent</subfield>
         <subfield code="0">http://id.loc.gov/vocabulary/contentTypes/txt</subfield>
      </datafield>
      <datafield ind1=" " ind2=" " tag="337">
         <subfield code="a">unmediated</subfield>
         <subfield code="2">rdamedia</subfield>
         <subfield code="0">http://id.loc.gov/vocabulary/mediaTypes/n</subfield>
      </datafield>
      <datafield ind1=" " ind2=" " tag="338">
         <subfield code="a">volume</subfield>
         <subfield code="2">rdacarrier</subfield>
         <subfield code="0">http://id.loc.gov/vocabulary/carriers/nc</subfield>
      </datafield>
      <datafield ind1="1" ind2=" " tag="490">
         <subfield code="a">Rehabilitation science in practice series</subfield>
      </datafield>
      <datafield ind1=" " ind2=" " tag="504">
         <subfield code="a">Includes bibliographical references and index.</subfield>
      </datafield>
      <datafield ind1="0" ind2=" " tag="505">
         <subfield code="a">Evidence-based goal setting : the trials and tribulations / Levack, W.M.M. &amp; Siegert, R.J. -- Psychology &amp; goal setting : providing a theoretical foundation / Siegert, R.J., O'Connell, C., &amp; Levack, W.M.M -- Ethics &amp; goal setting : providing a moral foundations / Levack, W.M.M., Pickering, N., Siegert, R.J. -- Goal setting as shared decision-making / Playford, D. -- Meaning as a smarter approach to goals in rehabilitation / McPherson, K.M., Kayes, N.M., Kersten, P. -- Goal attainment scaling in adult neurorehabilitation / Ashford, S., Turner-Stokes, L. -- Goal attainment scaling in paediatric rehabilitation / Steenbeek, D., Gorter J.W., Ketelaar, M., Galama, K., Lindeman, E. -- Applying the international classification of function, disability, and health to goal setting in rehabilitation / Rauch, A., Scheel-Sailer, A. -- An occupation-based, client-centred approach to goal planning and measurement / Doig, E., Fleming, J. -- A theoretically based approach to goal setting / Scobbie, L., Dixon, D. -- Goal orientation and goal setting as a topic in German medical rehabilitation research / Meyer, T., Pohontsch, N. -- Goal-setting in social competence treatment after brain injury / Hawley, L.A., Newman, J. -- Goal setting in the context of self-management after stroke / Jones, F. -- Goal-setting and older adults / Parsons, J. -- Goal setting in paediatric rehabilitation / Wiart, L. -- Goals and goal-setting for people with aphasia, their family members, and clinicians / Sherratt, S., Worrall, L., Hersh, D., Howe, T., Davidson, B. -- Goal setting for stroke rehabilitation / Rosewilliams, S.B. -- Current trends and future direction for research and clinical practice / Siegert, R.J., and Levack, W.M.M.</subfield>
      </datafield>
      <datafield ind1="1" ind2="2" tag="650">
         <subfield code="a">Rehabilitation</subfield>
         <subfield code="x">methods.</subfield>
         <subfield code="0">http://id.nlm.nih.gov/mesh/D012046Q000379</subfield>
      </datafield>
      <datafield ind1="1" ind2="2" tag="650">
         <subfield code="a">Rehabilitation</subfield>
         <subfield code="x">psychology.</subfield>
         <subfield code="0">http://id.nlm.nih.gov/mesh/D012046Q000523</subfield>
      </datafield>
      <datafield ind1="2" ind2="2" tag="650">
         <subfield code="a">Goals.</subfield>
         <subfield code="0">http://id.nlm.nih.gov/mesh/D006040</subfield>
      </datafield>
      <datafield ind1="2" ind2="2" tag="650">
         <subfield code="a">Patient Outcome Assessment.</subfield>
         <subfield code="0">http://id.nlm.nih.gov/mesh/D063868</subfield>
      </datafield>
      <datafield ind1="2" ind2="2" tag="650">
         <subfield code="a">Evidence-Based Practice.</subfield>
         <subfield code="0">http://id.nlm.nih.gov/mesh/D055317</subfield>
      </datafield>
      <datafield ind1="1" ind2=" " tag="700">
         <subfield code="a">Siegert, Richard J.,</subfield>
         <subfield code="e">editor.</subfield>
         <subfield code="0">http://id.loc.gov/authorities/names/n2012183921</subfield>
         <subfield code="0">http://viaf.org/viaf/245458937</subfield>
      </datafield>
      <datafield ind1="1" ind2=" " tag="700">
         <subfield code="a">Levack, William M. M.,</subfield>
         <subfield code="e">editor.</subfield>
         <subfield code="0">http://id.loc.gov/authorities/names/n2014180203</subfield>
         <subfield code="0">http://viaf.org/viaf/305940115</subfield>
      </datafield>
      <datafield ind1=" " ind2=" " tag="758">
         <subfield code="0">http://worldcat.org/entity/work/id/1814318595</subfield>
      </datafield>
      <datafield ind1="0" ind2=" " tag="787">
         <subfield code="n">OCLC Work Id</subfield>
         <subfield code="o">http://worldcat.org/entity/work/id/1814318595</subfield>
      </datafield>
      <datafield ind1=" " ind2="0" tag="830">
         <subfield code="a">Rehabilitation science in practice series.</subfield>
         <subfield code="0">http://id.loc.gov/authorities/names/n2010184283</subfield>
      </datafield>
      <datafield ind1=" " ind2=" " tag="596">
         <subfield code="a">20</subfield>
      </datafield>
      <datafield ind1=" " ind2=" " tag="926">
         <subfield code="a">WB 320 R345 2015</subfield>
         <subfield code="w">NLM</subfield>
         <subfield code="c">1</subfield>
         <subfield code="i">0163710144995</subfield>
         <subfield code="d">3/3/2017</subfield>
         <subfield code="e">3/3/2017</subfield>
         <subfield code="k">CHECKEDOUT</subfield>
         <subfield code="l">ON_SHELF</subfield>
         <subfield code="m">AHSGLENRSE</subfield>
         <subfield code="n">9</subfield>
         <subfield code="q">2</subfield>
         <subfield code="r">M</subfield>
         <subfield code="s">Y</subfield>
         <subfield code="t">BOOK</subfield>
         <subfield code="u">2/11/2015</subfield>
      </datafield>
   </record>
</collection>
